@article{schmidt2018batteries,
  title={How Batteries Store and Release Energy: Explaining Basic Electrochemistry},
  author={Schmidt-Rohr, Klaus},
  journal={Journal of Chemical Education},
  volume={95},
  number={10},
  pages={1801--1810},
  year={2018},
  publisher={ACS Publications}
}
@misc{batterydatasheet,
    author = "Energizer",
    title = "{Energizer EN22 Data Sheet}",
    url  = "https://data.energizer.com/PDFs/EN22.pdf",
    }
@misc{adcdatasheet,
    author = "Texas Instrument",
    title = "{ADC0831 Chip Data Sheet}",
    url  = "http://www.ti.com/lit/ds/symlink/adc0831-n.pdf",
    }
@book{meyer,
  title={Basic Electronics: An Introduction to Electronics for Science Students},
  author={Meyer, Curtis A},
  year={2015},
  publisher={Curtis A. Meyer}
}
@misc{gpio, 
    title={GPIO}, 
    url={https://www.raspberrypi.org/documentation/usage/gpio/}, journal={GPIO - Raspberry Pi Documentation}
    }
@misc{current, 
    title="{Meet the Raspberry Pi GPIO Connector}", url={https://www.geeks3d.com/20150327/meet-the-raspberry-pi-gpio-connector/}, 
    journal={Geeks3D}, 
    author={JeGX}, 
    year={2015}, 
    month={Mar}
    }
@misc{project,
    title = {Project Link},
    author = {Yelaman Zhenis},
    url={https://github.com/yzhenis2/midproject}
    }